<record><leader>00000cas a2200000 a 4500</leader><controlfield tag="001">51758657</controlfield><controlfield tag="008">030227d18uu1uuuilucr ne      0   a0eng c</controlfield><datafield ind1=" " ind2=" " tag="010"><subfield code="a">sn2002061154</subfield></datafield><datafield ind1=" " ind2=" " tag="040"><subfield code="a">NVF</subfield><subfield code="b">eng</subfield><subfield code="c">NVF</subfield><subfield code="d">OCLCQ</subfield><subfield code="d">NVF</subfield><subfield code="d">OCLCF</subfield><subfield code="d">OCLCO</subfield><subfield code="d">NVF</subfield></datafield><datafield ind1=" " ind2=" " tag="042"><subfield code="a">pcc</subfield></datafield><datafield ind1=" " ind2=" " tag="043"><subfield code="a">n-us-il</subfield></datafield><datafield ind1="0" ind2=" " tag="130"><subfield code="a">Semi-weekly journal (El Paso, Ill.)</subfield></datafield><datafield ind1="1" ind2="4" tag="245"><subfield code="a">The semi-weekly journal.</subfield></datafield><datafield ind1="3" ind2=" " tag="246"><subfield code="a">Semiweekly journal</subfield></datafield><datafield ind1=" " ind2=" " tag="260"><subfield code="a">El Paso, Ill. :</subfield><subfield code="b">A.L. Hereford</subfield></datafield><datafield ind1=" " ind2=" " tag="300"><subfield code="a">volumes</subfield></datafield><datafield ind1=" " ind2=" " tag="310"><subfield code="a">Semiweekly</subfield></datafield><datafield ind1=" " ind2=" " tag="580"><subfield code="a">Daily ed.: El Paso daily journal (El Paso, Ill. : 1881).</subfield></datafield><datafield ind1=" " ind2=" " tag="580"><subfield code="a">Weekly ed.: El Paso journal (El Paso, Ill. : 1873).</subfield></datafield><datafield ind1=" " ind2=" " tag="588"><subfield code="a">Description based on: Vol. 18, no. 40 (Jan. 19, 1883).</subfield></datafield><datafield ind1=" " ind2=" " tag="588"><subfield code="a">Latest issue consulted: Vol. 18, no. 47 (Feb. 14, 1883).</subfield></datafield><datafield ind1=" " ind2="0" tag="651"><subfield code="a">El Paso (Ill.)</subfield><subfield code="v">Newspapers.</subfield></datafield><datafield ind1=" " ind2="7" tag="651"><subfield code="a">Illinois</subfield><subfield code="z">El Paso.</subfield><subfield code="2">fast</subfield><subfield code="0">(OCoLC)fst01217736</subfield></datafield><datafield ind1=" " ind2="7" tag="655"><subfield code="a">Newspapers.</subfield><subfield code="2">fast</subfield><subfield code="0">(OCoLC)fst01423814</subfield></datafield><datafield ind1=" " ind2=" " tag="752"><subfield code="a">United States</subfield><subfield code="b">Illinois</subfield><subfield code="c">Woodford County</subfield><subfield code="d">El Paso.</subfield></datafield><datafield ind1="1" ind2=" " tag="775"><subfield code="t">El Paso daily journal (El Paso, Ill. : 1881)</subfield><subfield code="w">(DLC)sn2002061152</subfield><subfield code="w">(OCoLC)51732065</subfield></datafield><datafield ind1="1" ind2=" " tag="775"><subfield code="t">El Paso journal (El Paso, Ill. : 1873)</subfield><subfield code="w">(DLC)sn 84038432</subfield><subfield code="w">(OCoLC)11310152</subfield></datafield><datafield ind1="1" ind2=" " tag="029"><subfield code="a">AU@</subfield><subfield code="b">000024467916</subfield></datafield></record>